@online{jsr-107,
  title ={JSR 107: JCACHE - Java Temporary Caching API},
  url = {https://www.jcp.org/en/jsr/detail?id=107}
}
@online{data-grid,
  title ={Red Hat JBoss Data Grid のバージョン情報},
  url = {https://docs.redhat.com/ja/documentation/red_hat_data_grid/7.0/html/getting_started_guide/red_hat_jboss_data_grid_version_information}
}